%% This BibTeX bibliography file was created using BibDesk.
%% http://bibdesk.sourceforge.net/


%% Created for Gavin at 2022-02-13 11:14:15 -0700 


%% Saved with string encoding Unicode (UTF-8) 



@book{DBernoulli1968,
	author = {Bernoulli, Daniel},
	date-added = {2022-02-13 11:13:59 -0700},
	date-modified = {2022-02-13 11:13:59 -0700},
	language = {English},
	publisher = {Dover Publications},
	title = {Hydrodynamics},
	translator = {Thomas Carmody and Helmus Kobus},
	year = {1968}}

@article{DulongPetit1819,
	annote = {In French},
	author = {Pierre Louis Dulong and Alexis Th{\'e}r{\`e}se Petit},
	date-added = {2022-02-13 10:57:05 -0700},
	date-modified = {2022-02-13 11:03:30 -0700},
	journal = {Annales de Chimie et de Physique},
	pages = {395--413},
	title = {Recherches sur quelques points importants de la Th{\'e}orie de la Chaleur". (in French)},
	volume = {10},
	year = {1819}}
