
@Book{Domocritus1999,
	author = {C.C.W. Taylor},
	date-Added = {2015-12-28 01:47:50 +0000},
	date-modified = {2015-12-28 01:49:45 +0000},
	publisher = {University of Toronto Press},
	title = {The Atomists: Leucippus and Democritus. Fragments, A Text and Translation with Commentary},
	year = {1999}}

@Book{Aristotle,
	author = {Simplicius},
	date-Added = {2015-12-28 02:14:41 +0000},
	date-Modified = {2015-12-28 02:16:02 +0000},
	publisher = {Don't know},
	title = {Commentary on On the Heavens},
	year = {100}}

@Book{Murdin,
	title = {Secrets of the Universe},
	subtitle = {How We Discovered the Cosmos},
  author = 	 {Paul Murdin},
  date = 	 2009,
  publisher = {The University of Chicago Press},
  location =  {Chicago},
}


@Book{Galileo2008,
  title = 	 {The Essential Galileo},
  author = 	 {Galileo Galilei},
  editor = 	 {Maurice A. Finocchiaro},
  translator = {Maurice A. Finocchiaro},
  date = 	 2008,
  publisher = {Hackett Publishing Company, Inc.},
  location =  {Indianapolis},
}
@Book{Galileo1610,
  title = 	 {The Sidereal Messenger},
  year = 	 1610,
  origdate = 	 1610,
  crossref = 	 {Galileo2008},
}
@Book{Galileo1632,
  title = 	 {Dialogue on the Two Chief World Systems, Ptolemaic and Copernican},
  shorttitle = 	 {Two World Systems},
  year = 	 1632,
  origdate = 	 1632,
  crossref = 	 {Galileo2008},
}
@Book{Galileo1638,
  title = 	 {Discourses and Mathematical Demonstrations Relating to Two New Sciences},
  shorttitle = 	 {Two New Sciences},
  year = 	 1638,
  origdate = 	 1638,
  crossref = 	 {Galileo2008},
}

@book{Descartes1633,
	author = {René Descartes},
	title = {Le Monde, ou Traité du monde et de la lumière},
	translator = {Michael Sean Mahoney},
	publisher = {Abaris Books, Inc.},
	location =  {New York},
	year = {1977},
	language = {French and English},
}
@book{Descartes1644,
	author = {René Descartes},
	publisher = {Amstelodami, apud Ludovicum Elzevirium, 1644},
	title = {Principia Philosophiæ},
	year = {1644},
	language = {Latin},
	annote = {Original Latin edition},
}

@book{Newton1687,
	author = {Isaac Newton},
	publisher = {Royal Society},
	title = {Philosophiæ Naturalis Principia Mathematica},
	year = {1687},
	language = {Latin},
	annote = {Original Latin edition},
}

@book{Newton1726,
	author = {Isaac Newton},
	publisher = {Will. \& Jno. Innys, printers to the Royal Society},
	title = {Philosophiæ Naturalis Principia Mathematica},
	edition = {Third edition, enlarged \& revised},
	year = {1726},
	language = {Latin},
	annote = {Latin edition},
}

@Book{CohenNewton1999,
	title = {The Principia},
	subtitle = {Mathematical Principles of Natural Philosophy, A New Translation},
	author = {Isaac Newton and I. Bernard Cohen },
	publisher = {University of California Press, Berkeley},
	year = {1999},
}
@inBook{Newton1999,
	author = {Isaac Newton},
	title = {The Pricipia},
	translator = {I. Bernard Cohen and Anne Whitman},
	crossref = {CohenNewton1999},
}
@inBook{Cohen1999,
	author = {I. Bernard Cohen},
	title = {A Guide to Newton's Pricipia},
	crossref = {CohenNewon1999},
}

@book{Newton1730,
	author = {Isaac Newton},
	publisher = {William Innys},
	title = {Opticks: or, a Treatise on the Reflections, Refractions, Inflections, and Colours of Light},
	edition = {Fourth edition, corrected},
	year = {1730},
	language = {English},
}

@book{Gravesande1720,
	author = {’s Gravesande, Willem},
	publisher = {Petrum Vander \&\ Balduinum Janssoniuum},
	title = {Physices Elementa Mathematica, Experimentis Confirmata. Sive Introductio Ad Philosophiam Newtonianam.},
	shorttitle = {Physices Elementa Mathematica},
	year = {1720},
	language = {Latin},
	key ={Gravesande}
}

@book{Gravesande1747,
	author = {’s Gravesande, Willem},
	publisher = {W. Innys, T. Longman and T. Shewell, C. Hitch and M. Senex},
	title = {Mathematical Elements of Natural Philosophy Confirmed by Experiments},
	subtitle = {or, An Introduction to Sir Isaac Newton’s Philosophy},
	shorttitle = {Natural Philosophy},
	translator = {J.T. Desaguliers},
	year = {1747},
	language = {English},
	key ={Gravesande},
}


@Book{Coopersmith,
	title = {Energy, the Subtle Concept},
	subtitle = {The Discovery of Feynman's Blocks from Leibniz to Einstein},
  author = 	 {Jennifer Coopersmith},
  edition = {revised edition},
  date = 	 2015,
  publisher = {Oxford University Press},
  location =  {Oxford},
}


@Book{Leibniz1989,
  title = 	 {Philosophical Essays},
  author = 	 {Gottfried Wilhelm Leibniz},
  editor = 	 {Roger Ariew and Daniel Garber},
  translator = {Roger Ariew and Daniel Garber},
  date = 	 1989,
  publisher = {Hackett Publishing Company, Inc.},
  location =  {Indianapolis},
}
@InBook{Leibniz1695,
	title 		=	{A Specimen of Dynamics},
	subtitle	=	{Toward Uncovering and Reducing to Their Causes Astonishing Laws of Nature Concerning the Forces of Bodies and Their Actions on One Another},
	year	=	1695,
	crossref	=	{Leibniz1989},
}


@Book{Leibniz1896,
  title = 	 {New Essays Concerning Human Understanding},
  author = 	 {Gottfried Wilhelm Leibniz},
  translator = {Alfred Gideox Langley},
  date = 	 1896,
  publisher = {The MacMillan Company},
  location =  {New York},
}
@InBook{Leibniz1691,
  title = 	 {Essay on dynamics on the laws of motion},
  subtitle = 	 {In which it is shown that not the same quantity of motion is preserved, but the same absolute force, or rather the same quantity of moving action},
  year = 	 1691,
  crossref = 	 {Leibniz1896},
}


@Book{DuChatelet2009,
	title = {Emilie Du Châtelet},
	subtitle = {Selected Philosophical and Scientific Writings},
  author = 	 {Du Châtelet, Emilie},
  editor = 	 {Judith P. Zinsser},
  translator = {Judith P. Zinsser and Isabellle Bour},
  year = 	 2009,
  publisher = {The University of Chicago Press},
	series = {The Other Voice in Early Modern Europe},
  location =  {Chicago \&\ London},
}
@InBook{DuChatelet1740,
  title = 	 {Foundations of Physics},
  year = 	 1740,
  crossref = 	 {DuChatelet2009},
}
@inBook{DuChatelet1759,
  title = 	 {Commentary on Newton's Principia},
  year = 	 1759,
  crossref = 	 {DuChatelet2009},
}
@InBook{Zinsser2009,
  title = 	 {Foundations of Physics},
  subtitle = 	 {Volume Editor's Introduction},
  author = {Judith P. Zinsser},
  chapter = {III},
  crossref = 	 {DuChatelet2009},
}

@book{Zinsser2006,
	title = {Emilie Du Châtelet},
	subtitle = {Daring Genius of the Enlightenment},
	author = {Judith P. Zinsser},
	year = {2006},
	publisher = {Penquin Books},
	annote = {Great biography of a scientist respected in her time, but largely forgotten today.},
}

@book{DBernoulli1968,
	author = {Bernoulli, Daniel},
	publisher = {Dover Publications},
	title = {Hydrodynamics},
	translator = {Thomas Carmody and Helmus Kobus},
	year = {1968},
	language = {English},
}

@article{Mendeleev1871,
	author = {Dmitri Mendeleev},
	title = {The Dependence between the Properties of the Atomic Weights of the Elements},
	year = {1871}
}

@article{Maxwell1865,
	author = {James Clerk Maxwell},
	title = {A Dynamical Theory of the Electromagnetic Field},
	year = {1865}
}

@article{Maxwell1861,
	author = {James Clerk Maxwell},
	title = {On Physical Lines of Force},
	year = {1861}
}

@book{Macdonald2010,
	author = {Alan Macdonald},
	publisher = {Alan Macdonald},
	title = {Linear and Geometric Algebra},
	year = {2010}
}

@book{Macdonald2012,
	author = {Alan Macdonald},
	publisher = {Alan Macdonald},
	title = {Vector and Geometric Calculus},
	year = {2012}
}

