%% This BibTeX bibliography file was created using BibDesk.
%% http://bibdesk.sourceforge.net/


%% Created for Gavin at 2023-07-20 17:05:17 -0600 


%% Saved with string encoding Unicode (UTF-8) 



@book{Helmholtz1995,
	author = {Hermann von Helmholtz},
	date-added = {2021-12-29 07:56:17 -0700},
	date-modified = {2021-12-29 08:00:00 -0700},
	editor = {David Cahan},
	publisher = {The University of Chicago Press},
	title = {Science and Culture: Popular and Scientific Essays},
	year = {1995}}

@book{Kepler1596,
	author = {Johannes Kepler},
	date-added = {2021-11-17 03:54:24 -0700},
	date-modified = {2021-11-17 03:54:24 -0700},
	publisher = {Tubingae, printed by Georgius Gruppenbachius,},
	title = {Misterium Cosmographicum},
	year = 1596}

@book{Kepler1609,
	author = {Johannes Kepler},
	date-added = {2021-11-16 19:22:27 -0700},
	date-modified = {2021-11-16 19:22:27 -0700},
	language = {English},
	publisher = {Green Lion Press},
	title = {Astronomia Nova},
	translator = {William H. Donahue},
	year = {2015}}

@book{Kepler1619,
	author = {Johannes Kepler},
	date-added = {2021-11-16 17:40:58 -0700},
	date-modified = {2021-11-16 19:24:15 -0700},
	language = {English},
	publisher = {Prometheus Books},
	title = {Harmonies of the World},
	translator = {Charles Glenn Wallis},
	year = {1995}}

@book{Galileo1623,
	author = {Galileo Galilei},
	date-added = {2021-11-16 17:35:26 -0700},
	date-modified = {2021-11-16 17:35:26 -0700},
	publisher = {appresso Giacomo Mascardi},
	title = {Il Saggiatore},
	year = 1623}

@book{Galileo1638,
	crossref = {Galileo2001},
	date-added = {2021-08-15 12:19:05 -0600},
	date-modified = {2021-08-15 12:19:05 -0600},
	origdate = 1638,
	shorttitle = {Two New Sciences},
	title = {Discourses and Mathematical Demonstrations Relating to Two New Sciences},
	year = 1638}

@book{Galileo2008,
	author = {Galileo Galilei},
	date = 2008,
	date-added = {2021-08-07 12:02:49 -0600},
	date-modified = {2021-08-07 12:02:49 -0600},
	editor = {Maurice A. Finocchiaro},
	location = {Indianapolis},
	publisher = {Hackett Publishing Company, Inc.},
	title = {The Essential Galileo},
	translator = {Maurice A. Finocchiaro}}

@book{Galileo1632,
	crossref = {Galileo2008},
	date-added = {2021-08-07 12:00:14 -0600},
	date-modified = {2021-08-07 12:11:21 -0600},
	origdate = 1632,
	shorttitle = {Two World Systems},
	title = {Dialogue on the Two Chief World Systems, Ptolemaic and Copernican},
	year = 1632}

@book{KeplerGW,
	author = {Johannes Kepler},
	date-added = {2021-08-06 14:34:32 -0600},
	date-modified = {2021-11-17 03:58:11 -0700},
	editor = {Max Caspar and Walther von Dyck},
	publisher = {Munich},
	title = {Johanes Kepler Gesammelte Werke},
	year = 1937}

@book{Domocritus1999,
	author = {C.C.W. Taylor},
	date-added = {2015-12-28 01:47:50 +0000},
	date-modified = {2015-12-28 01:49:45 +0000},
	publisher = {University of Toronto Press},
	title = {The Atomists: Leucippus and Democritus. Fragments, A Text and Translation with Commentary},
	year = {1999}}

@book{Aristotle,
	author = {Simplicius},
	date-added = {2015-12-28 02:14:41 +0000},
	date-modified = {2015-12-28 02:16:02 +0000},
	publisher = {Don't know},
	title = {Commentary on On the Heavens},
	year = {100}}

@book{Murdin,
	author = {Paul Murdin},
	date = 2009,
	location = {Chicago},
	publisher = {The University of Chicago Press},
	subtitle = {How We Discovered the Cosmos},
	title = {Secrets of the Universe}}

@book{Galileo2001,
	author = {Galileo Galilei},
	date = 2001,
	date-modified = {2021-08-07 12:07:41 -0600},
	editor = {Stephen Jay Gould},
	location = {Indianapolis},
	publisher = {The Modern Library},
	title = {Dialogue on the Two Chief World Systems},
	translator = {Stillman Drake},
	year = {2001}}

@book{Galileo1610,
	crossref = {Galileo2001},
	date-modified = {2021-08-07 12:02:57 -0600},
	origdate = 1610,
	title = {The Sidereal Messenger},
	year = 1610}

@book{Mersenne1636,
	author = {Marin Mersenne},
	date-modified = {2021-08-15 12:24:28 -0600},
	publisher = {M. Nijhoff},
	shorttitle = {Harmony Universelle},
	title = {Harmony Universelle: The Books on Instruments},
	translator = {Roger E. Chapman},
	year = 1957}

@book{Descartes1633,
	author = {Ren{\'e} Descartes},
	date-modified = {2023-07-20 17:05:15 -0600},
	language = {French and English},
	location = {New York},
	publisher = {Abaris Books, Inc.},
	title = {Le Monde, ou Trait{\'e} de la lumi{\`e}re},
	translator = {Michael Sean Mahoney},
	year = {1977}}

@book{Descartes1644,
	annote = {Original Latin edition},
	author = {Ren{\'e} Descartes},
	language = {Latin},
	publisher = {Amstelodami, apud Ludovicum Elzevirium, 1644},
	title = {Principia Philosophi{\ae}},
	year = {1644}}

@book{Newton1687,
	annote = {Original Latin edition},
	author = {Isaac Newton},
	language = {Latin},
	publisher = {Royal Society},
	title = {Philosophi{\ae} Naturalis Principia Mathematica},
	year = {1687}}

@book{Newton1726,
	annote = {Latin edition},
	author = {Isaac Newton},
	edition = {Third edition, enlarged \& revised},
	language = {Latin},
	publisher = {Will. \& Jno. Innys, printers to the Royal Society},
	title = {Philosophi{\ae} Naturalis Principia Mathematica},
	year = {1726}}

@book{CohenNewton1999,
	author = {Isaac Newton and I. Bernard Cohen},
	publisher = {University of California Press, Berkeley},
	subtitle = {Mathematical Principles of Natural Philosophy, A New Translation},
	title = {The Principia},
	year = {1999}}

@inbook{Newton1999,
	author = {Isaac Newton},
	crossref = {CohenNewton1999},
	title = {The Pricipia},
	translator = {I. Bernard Cohen and Anne Whitman}}

@inbook{Cohen1999,
	author = {I. Bernard Cohen},
	crossref = {CohenNewon1999},
	title = {A Guide to Newton's Pricipia}}

@book{Newton1730,
	author = {Isaac Newton},
	edition = {Fourth edition, corrected},
	language = {English},
	publisher = {William Innys},
	title = {Opticks: or, a Treatise on the Reflections, Refractions, Inflections, and Colours of Light},
	year = {1730}}

@book{Gravesande1720,
	author = {'s Gravesande, Willem},
	key = {Gravesande},
	language = {Latin},
	publisher = {Petrum Vander \&\ Balduinum Janssoniuum},
	shorttitle = {Physices Elementa Mathematica},
	title = {Physices Elementa Mathematica, Experimentis Confirmata. Sive Introductio Ad Philosophiam Newtonianam.},
	year = {1720}}

@book{Gravesande1747,
	author = {'s Gravesande, Willem},
	key = {Gravesande},
	language = {English},
	publisher = {W. Innys, T. Longman and T. Shewell, C. Hitch and M. Senex},
	shorttitle = {Natural Philosophy},
	subtitle = {or, An Introduction to Sir Isaac Newton's Philosophy},
	title = {Mathematical Elements of Natural Philosophy Confirmed by Experiments},
	translator = {J.T. Desaguliers},
	year = {1747}}

@book{Coopersmith,
	author = {Jennifer Coopersmith},
	date = 2015,
	edition = {revised edition},
	location = {Oxford},
	publisher = {Oxford University Press},
	subtitle = {The Discovery of Feynman's Blocks from Leibniz to Einstein},
	title = {Energy, the Subtle Concept}}

@book{Leibniz1989,
	author = {Gottfried Wilhelm Leibniz},
	date = 1989,
	editor = {Roger Ariew and Daniel Garber},
	location = {Indianapolis},
	publisher = {Hackett Publishing Company, Inc.},
	title = {Philosophical Essays},
	translator = {Roger Ariew and Daniel Garber}}

@inbook{Leibniz1695,
	crossref = {Leibniz1989},
	subtitle = {Toward Uncovering and Reducing to Their Causes Astonishing Laws of Nature Concerning the Forces of Bodies and Their Actions on One Another},
	title = {A Specimen of Dynamics},
	year = 1695}

@book{Leibniz1896,
	author = {Gottfried Wilhelm Leibniz},
	date = 1896,
	location = {New York},
	publisher = {The MacMillan Company},
	title = {New Essays Concerning Human Understanding},
	translator = {Alfred Gideox Langley}}

@inbook{Leibniz1691,
	crossref = {Leibniz1896},
	subtitle = {In which it is shown that not the same quantity of motion is preserved, but the same absolute force, or rather the same quantity of moving action},
	title = {Essay on dynamics on the laws of motion},
	year = 1691}

@book{DuChatelet2009,
	author = {Du Ch{\^a}telet, Emilie},
	editor = {Judith P. Zinsser},
	location = {Chicago \&\ London},
	publisher = {The University of Chicago Press},
	series = {The Other Voice in Early Modern Europe},
	subtitle = {Selected Philosophical and Scientific Writings},
	title = {Emilie Du Ch{\^a}telet},
	translator = {Judith P. Zinsser and Isabellle Bour},
	year = 2009}

@inbook{DuChatelet1740,
	crossref = {DuChatelet2009},
	title = {Foundations of Physics},
	year = 1740}

@inbook{DuChatelet1759,
	crossref = {DuChatelet2009},
	title = {Commentary on Newton's Principia},
	year = 1759}

@inbook{Zinsser2009,
	author = {Judith P. Zinsser},
	chapter = {III},
	crossref = {DuChatelet2009},
	subtitle = {Volume Editor's Introduction},
	title = {Foundations of Physics}}

@book{Zinsser2006,
	annote = {Great biography of a scientist respected in her time, but largely forgotten today.},
	author = {Judith P. Zinsser},
	publisher = {Penquin Books},
	subtitle = {Daring Genius of the Enlightenment},
	title = {Emilie Du Ch{\^a}telet},
	year = {2006}}

@book{DBernoulli1968,
	author = {Bernoulli, Daniel},
	language = {English},
	publisher = {Dover Publications},
	title = {Hydrodynamics},
	translator = {Thomas Carmody and Helmus Kobus},
	year = {1968}}

@article{Mendeleev1871,
	author = {Dmitri Mendeleev},
	title = {The Dependence between the Properties of the Atomic Weights of the Elements},
	year = {1871}}

@article{Maxwell1865,
	author = {James Clerk Maxwell},
	title = {A Dynamical Theory of the Electromagnetic Field},
	year = {1865}}

@article{Maxwell1861,
	author = {James Clerk Maxwell},
	title = {On Physical Lines of Force},
	year = {1861}}

@book{Macdonald2010,
	author = {Alan Macdonald},
	publisher = {Alan Macdonald},
	title = {Linear and Geometric Algebra},
	year = {2010}}

@book{Macdonald2012,
	author = {Alan Macdonald},
	publisher = {Alan Macdonald},
	title = {Vector and Geometric Calculus},
	year = {2012}}
